@article{Palmer1999,
   author = {M V Palmer and D L Whipple and S C Olsen},
   doi = {10.7589/0090-3558-35.3.450},
   issue = {3},
   journal = {Journal of Wildlife Diseases},
   pages = {450-457},
   title = {Development of a model of natural infection with Mycobacterium bovis in white-tailed deer},
   volume = {35},
   url = {https://www.scopus.com/inward/record.uri?eid=2-s2.0-0033160324&doi=10.7589\%2f0090-3558-35.3.450&partnerID=40&md5=f5be6ad6b2a4fb5fbef28ad7a6d5ebf7},
   year = {1999},
}
@article{ohare,
   author = {A. O'Hare and R. J. Orton and P. R. Bessell and R. R. Kao},
   doi = {10.1098/rspb.2014.0248},
   issn = {14712954},
   issue = {1783},
   journal = {Proceedings of the Royal Society B: Biological Sciences},
   keywords = {Bootstrap,Ergodic,Nonlinear dynamics,Partial likelihood},
   month = {4},
   pmid = {24718761},
   publisher = {Royal Society},
   title = {Estimating epidemiological parameters for bovine tuberculosis in British cattle using a Bayesian partial-likelihood approach},
   volume = {281},
   year = {2014},
}
@article{brooks-pollock,
   author = {Ellen Brooks-Pollock and Gareth O. Roberts and Matt J. Keeling},
   doi = {10.1038/nature13529},
   issn = {14764687},
   issue = {7508},
   journal = {Nature},
   pages = {228-231},
   pmid = {25008532},
   publisher = {Nature Publishing Group},
   title = {A dynamic model of bovine tuberculosis spread and control in Great Britain},
   volume = {511},
   year = {2014},
}
@article{births,
 ISSN = {00840173, 19385455},
 URL = {http://www.jstor.org/stable/3830686},

 author = {Gary L. Dusek and Richard J. MacKie and James D. Herriges and Bradley B. Compton},
 journal = {Wildlife Monographs},
 number = {104},
 pages = {24--28},
 publisher = {[Wiley, Wildlife Society]},
 title = {Population Ecology of White-Tailed Deer along the Lower Yellowstone River},
 urldate = {2022-05-12},
 year = {1989}
}


@article{Fitzgerald2013,
   author = {S. D. Fitzgerald and J. B. Kaneene},
   doi = {10.1177/0300985812467472},
   issn = {03009858},
   issue = {3},
   journal = {Veterinary Pathology},
   keywords = {bovine tuberculosis,mycobacteriosis,reservoirs,wildlife},
   month = {5},
   pages = {488-499},
   pmid = {23169912},
   title = {Wildlife Reservoirs of Bovine Tuberculosis Worldwide: Hosts, Pathology, Surveillance, and Control},
   volume = {50},
   year = {2013},
}

@report{Frawley2020,
   author = {Brian J Frawley},
   title = {MICHIGAN DEPARTMENT OF NATURAL RESOURCES A contribution of Federal Aid in Wildlife Restoration, Michigan Project W-147-R Equal Rights for Natural Resource Users Michigan Deer Harvest Survey Report 2019 Seasons},
   year = {2020},
}
@article{Barlow1997,
    author = {N. D. Barlow and J. M. Kean and G. Hickling and P. G. Livingstone and A. B. Robson},
   doi = {10.1016/S0167-5877(97)00002-0},
   issn = {01675877},
   issue = {1-2},
   journal = {Preventive Veterinary Medicine},
   keywords = {Bovine tuberculosis,Cattle,Disease-host model,Mycobacterium bovis},
   pages = {57-75},
   pmid = {9361321},
   publisher = {Elsevier},
   title = {A simulation model for the spread of bovine tuberculosis within New Zealand cattle herds},
   volume = {32},
   year = {1997},
}
@article{Conlan2012,
   author = {Andrew J.K. Conlan and Trevelyan J. McKinley and Katerina Karolemeas and Ellen Brooks Pollock and Anthony V. Goodchild and Andrew P. Mitchell and Colin P.D. Birch and Richard S. Clifton-Hadley and James L.N. Wood},
   doi = {10.1371/journal.pcbi.1002730},
   issn = {1553734X},
   issue = {10},
   journal = {PLoS Computational Biology},
   month = {10},
   pmid = {23093923},
   title = {Estimating the Hidden Burden of Bovine Tuberculosis in Great Britain},
   volume = {8},
   year = {2012},
}
@Manual{lhs,
    title = {lhs: Latin Hypercube Samples},
    author = {Rob Carnell},
    year = {2022},
    note = {R package version 1.1.5},
    url = {https://CRAN.R-project.org/package=lhs},
  }
@Article{deSolve,
    title = {Solving Differential Equations in {R}: Package de{S}olve},
    author = {Karline Soetaert and Thomas Petzoldt and R. Woodrow Setzer},
    journal = {Journal of Statistical Software},
    volume = {33},
    number = {9},
    pages = {1--25},
    year = {2010},
    doi = {10.18637/jss.v033.i09},
    keywords = {ordinary differential equations, partial differential
    equations, differential algebraic equations, initial value problems,
    R, FORTRAN, C},
  }

@article{Aldwell2000,
   author = {F E Aldwell and B L Dicker and F M Da Silva Tatley and M F Cross and S Liggett and C G Mackintosh and J F T Griffin},
   doi = {10.1128/IAI.68.12.7003-7009.2000},
   issue = {12},
   journal = {Infection and Immunity},
   pages = {7003-7009},
   title = {Mycobacterium bovis-infected cervine alveolar macrophages secrete lymphoreactive lipid antigens},
   volume = {68},
   url = {https://www.scopus.com/inward/record.uri?eid=2-s2.0-0034444842&doi=10.1128%2fIAI.68.12.7003-7009.2000&partnerID=40&md5=054f42ff1dca470bb5143420c2d7bdc7},
   year = {2000},
}

@article{costello,
  title={A study of cattle-to-cattle transmission of Mycobacterium bovis infection},
  author={Costello, E and Doherty, ML and Monaghan, ML and Quigley, FC and O'Reilly, PF},
  journal={The Veterinary Journal},
  volume={155},
  number={3},
  pages={245--250},
  year={1998},
  publisher={Elsevier}
}

@article{webb2014,
      author = {A. J. Peel and J. R.C. Pulliam and A. D. Luis and R. K. Plowright and T. J. O'Shea and D. T.S. Hayman and J. L.N. Wood and C. T. Webb and O. Restif},
   doi = {10.1098/rspb.2013.2962},
   issn = {14712954},
   issue = {1786},
   journal = {Proceedings of the Royal Society B: Biological Sciences},
   keywords = {Birth pulse,Critical community size,Seasonality,Stochastic model,Wildlife epidemiology},
   pmid = {24827436},
   publisher = {Royal Society},
   title = {The effect of seasonal birth pulses on pathogen persistence in wild mammal populations},
   volume = {281},
   year = {2014},
}

@article{SANDMANN,
title = {Discrete-time stochastic modeling and simulation of biochemical networks},
journal = {Computational Biology and Chemistry},
volume = {32},
number = {4},
pages = {292-297},
year = {2008},
issn = {1476-9271},
doi = {https://doi.org/10.1016/j.compbiolchem.2008.03.018},
url = {https://www.sciencedirect.com/science/article/pii/S1476927108000376},
author = {Werner Sandmann},
keywords = {Biochemical networks, Stochastic modeling, Stochastic simulation, Chemical master equation, Discrete-time Markov chain, Uniformization}
}

@article{Waters2000,
   author = {W R Waters and M V Palmer and B A Pesch and S C Olsen and M J Wannemuehler and D L Whipple},
   doi = {10.1016/S0165-2427(00)00212-9},
   issue = {3-4},
   journal = {Veterinary Immunology and Immunopathology},
   pages = {215-229},
   title = {MHC class II-restricted, CD4+ T-cell proliferative responses of peripheral blood mononuclear cells from Mycobacterium bovis-infected white-tailed deer},
   volume = {76},
   url = {https://www.scopus.com/inward/record.uri?eid=2-s2.0-0034739692&doi=10.1016\%2fS0165-2427\%2800\%2900212-9&partnerID=40&md5=7ca49b405ed071367f5c73692c38c21d},
   year = {2000},
}
@article{OBrien2001,
   author = {D J O'Brien and S D Fitzgerald and T J Lyon and K L Butler and J S Fierke and K R Clarke and S M Schmitt and T M Cooley and D E Berry},
   doi = {10.7589/0090-3558-37.3.608},
   issue = {3},
   journal = {Journal of Wildlife Diseases},
   pages = {608-613},
   title = {Tuberculous lesions in free-ranging white-tailed deer in Michigan},
   volume = {37},
   url = {https://www.scopus.com/inward/record.uri?eid=2-s2.0-0035403544&doi=10.7589\%2f0090-3558-37.3.608&partnerID=40&md5=b52802009bd9c0f0bfa66878035be40a},
   year = {2001},
}
@article{comp_dynamics,
  title={The long and the short of it: Mechanisms of synchronous and compensatory dynamics across temporal scales},
  author={Shoemaker, Lauren G and Hallett, Lauren M and Zhao, Lei and Reuman, Daniel C and Wang, Shaopeng and Cottingham, Kathryn L and Hobbs, Richard J and Castorani, Max CN and Downing, Amy L and Dudney, Joan C and others},
  journal={Ecology},
  volume={103},
  number={4},
  pages={e3650},
  year={2022},
  publisher={Wiley Online Library}
}
@article{Palmer2002b,
   author = {M V Palmer and G Gosch and R Lyon and W R Waters and D L Whipple},
   doi = {10.1053/jcpa.2002.0557},
   issue = {1},
   journal = {Journal of Comparative Pathology},
   pages = {7-13},
   title = {Apoptosis in lymph node granulomas from white-tailed deer (Odocoileus virginianus) experimentally infected with Mycobacterium bovis},
   volume = {127},
   year = {2002},
}

@article{Palmer2002a,
   author = {M V Palmer and W R Waters and D L Whipple},
   doi = {10.1354/vp.39-3-334},
   issue = {3},
   journal = {Veterinary pathology},
   pages = {334-340},
   title = {Lesion development in white-tailed deer (Odocoileus virginianus) experimentally infected with Mycobacterium bovis},
   volume = {39},
   year = {2002},
}
@article{allen2021does,
  title={Does Mycobacterium tuberculosis var. bovis Survival in the Environment Confound Bovine Tuberculosis Control and Eradication? A Literature Review},
  author={Allen, Adrian R and Ford, Tom and Skuce, Robin A},
  journal={Veterinary medicine international},
  volume={2021},
  year={2021},
  publisher={Hindawi}
}
@article{miller2013,
  title={Mycobacterium bovis (bovine tuberculosis) infection in North American wildlife: current status and opportunities for mitigation of risks of further infection in wildlife populations},
  author={Miller, Ryan S and Sweeney, Steven J},
  journal={Epidemiology \& Infection},
  volume={141},
  number={7},
  pages={1357--1370},
  year={2013},
  publisher={Cambridge University Press}
}

@article{donnelly2006,
  title={Positive and negative effects of widespread badger culling on tuberculosis in cattle},
  author={Donnelly, Christl A and Woodroffe, Rosie and Cox, DR and Bourne, F John and Cheeseman, CL and Clifton-Hadley, Richard S and Wei, Gao and Gettinby, George and Gilks, Peter and Jenkins, Helen and others},
  journal={Nature},
  volume={439},
  number={7078},
  pages={843--846},
  year={2006},
  publisher={Nature Publishing Group}
}
@article{Obrien2004,
  title={Estimating the true prevalence of Mycobacterium bovis in hunter-harvested white-tailed deer in Michigan},
  author={O'brien, Daniel J and Schmitt, Stephen M and Berry, Dale E and Fitzgerald, Scott D and Vanneste, Jolene R and Lyon, Timothy J and Magsig, Diane and Fierke, Jean S and Cooley, Thomas M and Zwick, Laura S and others},
  journal={Journal of Wildlife Diseases},
  volume={40},
  number={1},
  pages={42--52},
  year={2004},
  publisher={Wildlife Disease Association}
}
@article{rogers2022,
  title={Epidemiological differences between sexes affect management efficacy in simulated chronic wasting disease systems},
  author={Rogers, Will and Brandell, Ellen E and Cross, Paul C},
  journal={Journal of Applied Ecology},
  year={2022},
  publisher={Wiley Online Library},
  volume={59},
  number={4},
  pages={1122--1133}
}
@article{Waters2002,
   author = {W R Waters and M V Palmer and D L Whipple},
   doi = {10.1177/104063870201400604},
   issue = {6},
   journal = {Journal of Veterinary Diagnostic Investigation},
   pages = {470-475},
   title = {Mycobacterium bovis-infected white-tailed deer (Odocoileus virginianus): Detection of immunoglobulin specific to crude mycobacterial antigens by ELISA},
   volume = {14},
   year = {2002},
}
@article{Palmer2003,
   author = {M V Palmer and W R Waters and D L Whipple},
   doi = {10.7589/0090-3558-39.4.817},
   issue = {4},
   journal = {Journal of Wildlife Diseases},
   pages = {817-823},
   title = {Aerosol exposure of white-tailed deer (Odocoileus virginianus) to Mycobacterium bovis},
   volume = {39},
   year = {2003},
}
@article{Mackintosh2004,
   author = {C G Mackintosh and G W De Lisle and D M Collins and J F T Griffin},
   doi = {10.1080/00480169.2004.36424},
   issue = {4},
   journal = {New Zealand Veterinary Journal},
   pages = {163-174},
   title = {Mycobacterial diseases of deer},
   volume = {52},
   year = {2004},
}
@article{obrien_2004,
    author = {D J O'Brien and S M Schmitt and D E Berry and S D Fitzgerald and J R Vanneste and T J Lyon and D Magsig and J S Fierke and T M Cooley and L S Zwick and B V Thomsen},
   doi = {10.7589/0090-3558-40.1.42},
   issue = {1},
   journal = {Journal of Wildlife Diseases},
   pages = {42-52},
   title = {Estimating the true prevalence of Mycobacterium bovis in hunter-harvested white-tailed deer in Michigan},
   volume = {40},
   year = {2004},
}
@article{Waters2004,
    author = {W R Waters and M V Palmer and D L Whipple and R E Slaughter and S L Jones},
   doi = {10.7589/0090-3558-40.1.66},
   issue = {1},
   journal = {Journal of Wildlife Diseases},
   pages = {66-78},
   title = {Immune responses of white-tailed deer (Odocoileus virginianus) to Mycobacterium bovis BCG vaccination},
   volume = {40},
   year = {2004},
}
@article{Griffin2006,
 author = {J F T Griffin and C R Rodgers and S Liggett and C G Mackintosh},
   doi = {10.1016/j.tube.2005.10.003},
   issue = {6},
   journal = {Tuberculosis},
   pages = {404-418},
   title = {Tuberculosis in ruminants: Characteristics of intra-tonsilar Mycobacterium bovis infection models in cattle and deer},
   volume = {86},
   year = {2006},
}
@article{Blanchong2007,
   author = {J A Blanchong and K T Scribner and A N Kravchenko and S R Winterstein},
   doi = {10.1098/rsbl.2006.0547},
   issue = {1},
   journal = {Biology Letters},
   pages = {104-106},
   title = {TB-infected deer are more closely related than non-infected deer},
   volume = {3},
   year = {2007},
}
@article{Palmer2007,
   author = {M V Palmer and T C Thacker and W R Waters},
   doi = {10.1016/j.vaccine.2007.06.056},
   issue = {36},
   journal = {Vaccine},
   pages = {6589-6597},
   title = {Vaccination of white-tailed deer (Odocoileus virginianus) with Mycobacterium bovis bacillus Calmette Guerín},
   volume = {25},
   year = {2007},
}
@article{Jaroso2010,
    author = {R Jaroso and J Vicente and M P Martín-Hernando and A Aranaz and K Lyashchenko and R Greenwald and J Esfandiari and C Gortázar},
   doi = {10.1016/j.vetmic.2010.05.022},
   issue = {3-4},
   journal = {Veterinary Microbiology},
   pages = {285-289},
   title = {Ante-mortem testing wild fallow deer for bovine tuberculosis},
   volume = {146},
   year = {2010},
}
@article{Martín-Hernando,
   author = {M P Martín-Hernando and M J Torres and J Aznar and J J Negro and A Gandía and C Gortázar},
   doi = {10.1016/j.jcpa.2009.07.003},
   issue = {1},
   journal = {Journal of Comparative Pathology},
   pages = {43-50},
   title = {Distribution of Lesions in Red and Fallow Deer Naturally Infected with Mycobacterium bovis},
   volume = {142},
   year = {2010},
}
@article{Palmer2010,
   author = {M V Palmer and T C Thacker and W R Waters and S Robbe-Austerman and S M Lebepe-Mazur and N B Harris},
   doi = {10.1111/j.1863-2378.2010.01329.x},
   issue = {7-8},
   journal = {Zoonoses and Public Health},
   pages = {e206-e212},
   title = {Persistence of Mycobacterium bovis bacillus calmette-guérin in white-tailed deer (Odocoileus Virginianus) after oral or parenteral vaccination},
   volume = {57},
   year = {2010},
}
@article{Waters2011,
   author = {W R Waters and G E Stevens and M A Schoenbaum and K A Orloski and S Robbe-Austerman and N B Harris and S M Hall and B V Thomsen and A J Wilson and R E Brannian and J T Nelson and S Schafer and J Esfandiari and M Dutton and R Greenwald and K P Lyashchenko},
   doi = {10.4061/2011/953985},
   journal = {Veterinary Medicine International},
   title = {Bovine tuberculosis in a Nebraska herd of farmed elk and fallow deer: A failure of the tuberculin skin test and opportunities for serodiagnosis},
   volume = {2011},
   year = {2011},
}
@article{garcia-jimenez,
    author = {W L García-Jiménez and P Fernández-Llario and L Gómez and J M Benítez-Medina and A García-Sánchez and R Martínez and D Risco and J Gough and A Ortiz-Peláez and N H Smith and J H D Mendoza and F J Salguero},
   doi = {10.1016/j.vetimm.2012.06.010},
   issue = {1-2},
   journal = {Veterinary Immunology and Immunopathology},
   pages = {66-75},
   title = {Histological and immunohistochemical characterisation of Mycobacterium bovis induced granulomas in naturally infected Fallow deer (Dama dama)},
   volume = {149},
   year = {2012},
}
@article{Palmer2014,
   author = {M V Palmer and T C Thacker and W R Waters and S Robbe-Austerman},
   doi = {10.1371/journal.pone.0097031},
   issue = {5},
   journal = {PLoS ONE},
   title = {Oral vaccination of white-tailed deer (Odocoileus virginianus) with Mycobacterium bovis Bacillus Calmette-Guerin (BCG)},
   volume = {9},
   year = {2014},
}
@article{Nugent2015,
   author = {G Nugent and C Gortazar and G Knowles},
   doi = {10.1080/00480169.2014.963792},
   journal = {New Zealand Veterinary Journal},
   pages = {54-67},
   title = {The epidemiology of Mycobacterium bovis in wild deer and feral pigs and their roles in the establishment and spread of bovine tuberculosis in New Zealand wildlife},
   volume = {63},
   year = {2015},
}
@article{Shury2011,
   author = {Todd K. Shury and Doug Bergeson},
   doi = {10.4061/2011/591980},
   issn = {20420048},
   journal = {Veterinary Medicine International},
   title = {Lesion distribution and epidemiology of mycobacterium bovis in elk and white-tailed deer in South-Western Manitoba, Canada},
   volume = {2011},
   year = {2011},
}
@article{ramsey2014,
   author = {David S.L. Ramsey and Daniel J. O'Brien and Melinda K. Cosgrove and Brent A. Rudolph and Alexandra B. Locher and Stephen M. Schmitt},
   doi = {10.1002/jwmg.656},
   issn = {19372817},
   issue = {2},
   journal = {Journal of Wildlife Management},
   keywords = {Michigan,Mycobacterium bovis,Odocoileus virginianus,baiting,bovine tuberculosis,individual-based model (IBM),vaccination,white-tailed deer},
   pages = {240-254},
   publisher = {Alliance Communications Group},
   title = {Forecasting eradication of bovine tuberculosis in Michigan white-tailed deer},
   volume = {78},
   year = {2014},
}

@article{Thacker2015,
   author = {Tyler C. Thacker and Mitchell V. Palmer and Suelee Robbe-Austerman and Tod P. Stuber and W. Ray Waters},
   doi = {10.1016/j.vetmic.2015.07.006},
   issn = {18732542},
   issue = {1-2},
   journal = {Veterinary Microbiology},
   keywords = {Genotype,Mycobacterium bovis,Tuberculosis,White-tailed deer,Whole-genome sequencing},
   month = {10},
   pages = {75-81},
   pmid = {26243696},
   publisher = {Elsevier},
   title = {Anatomical distribution of Mycobacterium bovis genotypes in experimentally infected white-tailed deer},
   volume = {180},
   year = {2015},
}
@article{Nol2009,
   author = {P. Nol and K. P. Lyashchenko and R. Greenwald and J. Esfandiari and W. R. Waters and M. V. Palmer and B. J. Nonnecke and T. J. Keefe and T. C. Thacker and J. C. Rhyan and F. E. Aldwell and M. D. Salman},
   doi = {10.1128/CVI.00392-08},
   issn = {15566811},
   issue = {3},
   journal = {Clinical and Vaccine Immunology},
   month = {3},
   pages = {323-329},
   pmid = {19129468},
   title = {Humoral immune responses of white-tailed deer (Odocoileus virginianus) to Mycobacterium bovis BCG vaccination and experimental challenge with M. bovis},
   volume = {16},
   year = {2009},
}
@article{Wilber2019,
   author = {Mark Q. Wilber and Kim M. Pepin and Henry Campa and Scott E. Hygnstrom and Michael J. Lavelle and Tatiana Xifara and Kurt C. VerCauteren and Colleen T. Webb},
   doi = {10.1111/1365-2664.13370},
   issn = {13652664},
   issue = {6},
   journal = {Journal of Applied Ecology},
   keywords = {bovine tuberculosis,contact heterogeneity,disease transmission,network modeling,opossum (Didephis virginianus),raccoon (Procyon lotor),white-tailed deer (Odocoileus virginianus),wildlife–livestock interface},
   month = {6},
   publisher = {Blackwell Publishing Ltd},
   title = {Modelling multi-species and multi-mode contact networks: Implications for persistence of bovine tuberculosis at the wildlife–livestock interface},
   volume = {56},
   year = {2019},
}
@article{Berentsen2014,
    author = {Are R. Berentsen and Ryan S. Miller and Regina Misiewicz and Jennifer L. Malmberg and Mike R. Dunbar},
   doi = {10.1007/s10344-013-0760-5},
   issn = {16124642},
   issue = {2},
   journal = {European Journal of Wildlife Research},
   keywords = {Bovine tuberculosis,Cattle,Farm,Interface,Livestock,Michigan,Mycobacterium bovis,Odocoileus virginianus,White-tailed deer,Wildlife},
   note = {Home range estimation, visitation rates},
   pages = {161-170},
   publisher = {Springer Verlag},
   title = {Characteristics of white-tailed deer visits to cattle farms: Implications for disease transmission at the wildlife-livestock interface},
   volume = {60},
   year = {2014},
}
@report{movement,
   author = {Kristie L. Sitar},
   title = {SEASONAL MOVEMENTS, HABITAT USE PATTERNS, AND POPULATION DYNAMICS OF WHITE-TAILED DEER (Odocoileus virginianus) EN AN AGRICULTURAL REGION OF NORTHERN LOWER MICHIGAN},
}
@article{Lavelle2016,
    author = {Michael J. Lavelle and Shannon L. Kay and Kim M. Pepin and Daniel A. Grear and Henry Campa and Kurt C. VerCauteren},
   doi = {10.1016/j.prevetmed.2016.10.009},
   issn = {01675877},
   journal = {Preventive Veterinary Medicine},
   keywords = {Bovine tuberculosis,Cattle,Contact rate,Raccoon,Virginia opossum,White-tailed deer},
   month = {12},
   pages = {28-36},
   pmid = {27931926},
   publisher = {Elsevier B.V.},
   title = {Evaluating wildlife-cattle contact rates to improve the understanding of dynamics of bovine tuberculosis transmission in Michigan, USA},
   volume = {135},
   year = {2016},
}
@report{Mccarty1998,
   author = {C W Mccarty and M W Miller2},
   pages = {72273},
   title = {Journal of U'il(llfi. J)ioo aa's :14)4)},
   url = {http://meridian.allenpress.com/jwd/article-pdf/34/4/722/2228139/0090-3558-34_4_722.pdf},
   year = {1998},
}
@generic{Conner2008,
   author = {Mary Margaret Conner and Michael Ryan Ebinger and Julie Anne Blanchong and Paul Chafee Cross},
   doi = {10.1196/annals.1439.005},
   issn = {17496632},
   journal = {Annals of the New York Academy of Sciences},
   keywords = {Bovine tuberculosis,Brucellosis,Cervids,Chronic wasting disease,North America,Wildlife disease management,Wildlife disease models,Wildlife surveillance},
   pages = {146-172},
   pmid = {18566093},
   publisher = {Blackwell Publishing Inc.},
   title = {Infectious disease in cervids of North America: Data, models, and management challenges},
   volume = {1134},
   year = {2008},
}

@article{palmer2001,
  title={Experimental deer-to-deer transmission of Mycobacterium bovis},
  author={Palmer, Mitchell V and Whipple, Diana L and Waters, W Ray},
  journal={American Journal of Veterinary Research},
  volume={62},
  number={5},
  pages={692--696},
  year={2001},
  publisher={Am Vet Med Assoc}
}
@article{hill,
   author = {Jerry Alan Hill},
   title = {WILDLIFE-CATTLE INTERACTIONS IN NORTHERN MICHIGAN: IMPLICATIONS FOR THE TRANSMISSION OF BOVINE TUBERCULOSIS},
}
@article{VanderWaal2017,
   author = {Kimberly VanderWaal and Eva A. Enns and Catalina Picasso and Julio Alvarez and Andres Perez and Federico Fernandez and Andres Gil and Meggan Craft and Scott Wells},
   doi = {10.1038/s41598-017-04466-2},
   issn = {20452322},
   issue = {1},
   journal = {Scientific Reports},
   month = {12},
   note = {USDOS-like model for Uruguay. kernel function used to describe local spread.},
   pmid = {28646151},
   publisher = {Nature Publishing Group},
   title = {Optimal surveillance strategies for bovine tuberculosis in a low-prevalence country},
   volume = {7},
   year = {2017},
}
@report{USDA2009,
   author = {USDA},
   note = {bTB status report for all states. important conclusion that prevalence does not increase with herd size},
   title = {Analysis of Bovine Tuberculosis Surveillance in Accredited Free States},
   year = {2009},
}
@generic{VerCauteren2018,
   author = {Kurt C. VerCauteren and Michael J. Lavelle and Henry Campa},
   doi = {10.3389/fvets.2018.00301},
   issn = {22971769},
   issue = {NOV},
   journal = {Frontiers in Veterinary Science},
   keywords = {Bovine tuberculosis,Cattle,Disease,Odocoileus virginianus,Spillback,Spillover,Transmission,White-tailed deer},
   month = {11},
   publisher = {Frontiers Media S.A.},
   title = {Persistent spillback of bovine tuberculosis from white-tailed deer to cattle in Michigan, USA: Status, Strategies, and Needs},
   volume = {5},
   year = {2018},
}
@article{van1997mortality,
  title={Mortality patterns of white-tailed deer in Michigan's Upper Peninsula},
  author={Van Deelen, Timothy R and Campa III, Henry and Haufler, Jonathan B and Thompson, Paul D},
  journal={The Journal of wildlife management},
  pages={903--910},
  year={1997},
  publisher={JSTOR}
}
@article{repro_1999,
  title={White-tailed deer management options model (DeerMOM): design, quantification, and application},
  author={Xie, Jialong and Hill, Harry R and Winterstein, Scott R and Campa III, Henry and Doepker, Robert V and Van Deelen, Timothy R and Liu, Jianguo},
  journal={Ecological Modelling},
  volume={124},
  number={2-3},
  pages={121--130},
  year={1999},
  publisher={Elsevier}
}

@article{begon,
   author = {M Begon and M Bennett and R G Bowers and N P French and S M Hazel and  J Turner},
   doi = {10.1017\S0950268802007148},
   journal = {Epidemiol. Infect},
   pages = {147-153},
   publisher = {Cambridge University Press},
   title = {A clarification of transmission terms in host-microparasite models : numbers, densities and areas},
   volume = {129},
   year = {2002},
}

@report{obrien_2001,
   author = {Daniel J O'brien and Scott D Fitzgerald and Timothy J Lyon and Kelly L Butler and Jean S Fierke and Kathy R Clarke and Stephen M Schmitt and Thomas M Cooley and Dale E Berry},
   issue = {3},
   journal = {SHORT COMMUNICATIONS Journal of Wildlife Diseases},
   keywords = {Bovine tuberculosis,Mycobac-terium bovis,Odocoileus vir-ginianus,disease surveillance,white-tailed deer},
   pages = {608-613},
   title = {Tuberculous Lesions in Free-Ranging White-Tailed Deer in Michigan},
   volume = {37},
   url = {http://meridian.allenpress.com/jwd/article-pdf/37/3/608/2236074/0090-3558-37_3_608.pdf},
   year = {2001},
}
@article{alvarez,
   author = {Julio Álvarez and Javier Bezos and Maria Luisa de la Cruz and Carmen Casal and Beatriz Romero and Lucas Domínguez and Lucía de Juan and Andrés Pérez},
   doi = {10.1016/j.rvsc.2014.04.009},
   issn = {15322661},
   issue = {S},
   journal = {Research in Veterinary Science},
   keywords = {Bovine tuberculosis,Diagnosis,Eradication,Modeling,Within-herd transmission},
   pages = {S61-S68},
   pmid = {24875061},
   publisher = {Elsevier},
   title = {Bovine tuberculosis: Within-herd transmission models to support and direct the decision-making process},
   volume = {97},
   year = {2014},
}
@article{Boadella2012,
   author = {M. Boadella and J. A. Barasona and S. Diaz-Sanchez and K. P. Lyashchenko and R. Greenwald and J. Esfandiari and C. Gortazar},
   doi = {10.1016/j.prevetmed.2011.10.005},
   issn = {01675877},
   issue = {1-2},
   journal = {Preventive Veterinary Medicine},
   keywords = {Animal side testing,Dama dama,Mycobacterium bovis,Test sensitivity and specificity,Wildlife disease surveillance},
   month = {4},
   pages = {160-164},
   pmid = {22071126},
   title = {Performance of immunochromatographic and ELISA tests for detecting fallow deer infected with Mycobacterium bovis},
   volume = {104},
   year = {2012},
}
@article{obrien_1995,
   author = {Daniel J. O'Brien},
   title = {Epidemiology of Mycobacterium bovis in free-ranging white-tailed deer, Michigan, USA, 1995-2000},
}
@article{Carstensen2011,
   author = {Michelle Carstensen and Daniel J. O'Brien and Stephen M. Schmitt},
   doi = {10.1016/j.vetmic.2011.02.046},
   issn = {03781135},
   issue = {1-2},
   journal = {Veterinary Microbiology},
   keywords = {Bovine tuberculosis,Mycobacterium bovis,Odocoileus virginianus,White-tailed deer,Wildlife},
   month = {7},
   pages = {200-204},
   pmid = {21439739},
   title = {Public acceptance as a determinant of management strategies for bovine tuberculosis in free-ranging U.S. wildlife},
   volume = {151},
   year = {2011},
}
@book{Thoen2014,
   author = {Charles O. Thoen and James H. Steele and John B. Kaneene},
   doi = {10.1002/9781118474310},
   isbn = {9781118474310},
   journal = {Zoonotic Tuberculosis: Mycobacterium bovis and Other Pathogenic Mycobacteria: 3rd Edition},
   month = {5},
   pages = {1-413},
   publisher = {Wiley Blackwell},
   title = {Zoonotic Tuberculosis: Mycobacterium bovis and Other Pathogenic Mycobacteria: 3rd Edition},
   year = {2014},
}

@inproceedings{obrien_2006,
   author = {Daniel J. O'Brien and Stephen M. Schmitt and Scott D. Fitzgerald and Dale E. Berry and Graham J. Hickling},
   doi = {10.1016/j.vetmic.2005.11.014},
   issn = {03781135},
   issue = {2-4 SPEC. ISS.},
   journal = {Veterinary Microbiology},
   keywords = {Bovine tuberculosis,Mycobacterium bovis,Odocoileus virginianus,White-tailed deer,Wildlife},
   month = {2},
   pages = {313-323},
   pmid = {16376030},
   title = {Managing the wildlife reservoir of Mycobacterium bovis: The Michigan, USA, experience},
   volume = {112},
   year = {2006},
}
@article{frieden_2009,
   author = {James W Frieden, Thomas R; Jaffe, Harold; Stephens and Stephen B Thacker and Christine G Casey and Malbea A LaPete Stephen R Spriggs Terraye M Starr and William L Roper and Deborah Holtzman and Ga K John Iglehart and Dennis G Maki and Patrick L Remington and Wi K Barbara Rimer and Chapel Hill and NC V John Rullan and San Juan and PR William Schaffner and TN Anne Schuchat and Ga E Dixie Snider and Ga W John Ward},
   journal = {MMWR},
   title = {Morbidity and Mortality Weekly Report Updated Guidelines for Using Interferon Gamma Release Assays to Detect Mycobacterium tuberculosis Infection — United States, 2010 Centers for Disease Control and Prevention},
   volume = {5959},
   url = {www.cdc.gov/mmwr},
   year = {2009},
}
@article{Ramsey2010,
   author = {David S.L. Ramsey and Murray G. Efford},
   doi = {10.1111/j.1365-2664.2010.01839.x},
   issn = {00218901},
   issue = {4},
   journal = {Journal of Applied Ecology},
   keywords = {BCG,Density-dependent transmission,Fertility control,Frequency-dependent transmission,Mycobacterium bovis,Oral vaccine,Pest control,Tb,Trichosurus vulpecula},
   month = {8},
   pages = {911-919},
   title = {Management of bovine tuberculosis in brushtail possums in New Zealand: Predictions from a spatially explicit, individual-based model},
   volume = {47},
   year = {2010},
}

@article{Grear2014,
   author = {Daniel A. Grear and John B. Kaneene and James J. Averill and Colleen T. Webb},
   doi = {10.1016/j.prevetmed.2014.03.008},
   issn = {01675877},
   issue = {3-4},
   journal = {Preventive Veterinary Medicine},
   keywords = {Accreditation zone,Bovine tuberculosis,Cattle movement,Dynamic network,Michigan,Mycobacterium bovis},
   month = {6},
   pages = {201-212},
   pmid = {24685049},
   publisher = {Elsevier},
   title = {Local cattle movements in response to ongoing bovine tuberculosis zonation and regulations in Michigan, USA},
   volume = {114},
   year = {2014},
}
@report{bdoty2008,
   author = {bdoty},
   title = {United States Department of Agriculture Animal and Plant Health Inspection Service Veterinary Services National Animal Health Monitoring System},
   url = {http://www.aphis.usda.gov/nahms},
   year = {2008},
}
@report{Anon2009,
   author = {Anon},
   journal = {United States Department of Agriculture, Animal and Plant Health Inspection Service, Veterinary Services},
   pages = {7–23},
   title = {Analysis of bovine tuberculosis surveillance in accredited free states},
   url = {https://www.aphis.usda.gov/vs/nahss/cattle/tb_2009_evaluation_of_tb_in_accredited_free_states_jan_09.pdf},
   year = {2009},
}
